<?xml version="1.0" encoding="UTF-8"?><collection xmlns="http://www.loc.gov/MARC21/slim"><record><leader>00342nam--2200121-i-4500</leader><controlfield tag="001">000004729</controlfield><controlfield tag="002">20161230</controlfield><controlfield tag="005">20161230201026</controlfield><controlfield tag="008">060222s1000------------r-----000-0-eng-d</controlfield><datafield ind1=" " ind2=" " tag="100"><subfield code="a">Bates, Roger G</subfield></datafield><datafield ind1=" " ind2=" " tag="245"><subfield code="a">Electrometric ph determinations. theory and practice</subfield></datafield><datafield ind1=" " ind2=" " tag="260"><subfield code="a">New York, John Wiley And Sons, Inc., 1954 Xiii + 331 P</subfield></datafield><datafield ind1=" " ind2=" " tag="852"><subfield code="a">14516</subfield></datafield></record></collection>